%% This BibTeX bibliography file was created using BibDesk.
%% https://bibdesk.sourceforge.io/

%% Created for Chris at 2020-07-20 17:31:22 -0400 


%% Saved with string encoding Unicode (UTF-8) 



@article{liu2020reproductive,
	Author = {Liu, Ying and Gayle, Albert A and Wilder-Smith, Annelies and Rockl{\"o}v, Joacim},
	Date-Added = {2020-07-20 17:31:19 -0400},
	Date-Modified = {2020-07-20 17:31:19 -0400},
	Journal = {Journal of travel medicine},
	Title = {The reproductive number of COVID-19 is higher compared to SARS coronavirus},
	Year = {2020}}

@article{reluga2010game,
	Author = {Reluga, Timothy C},
	Date-Added = {2020-07-20 16:49:44 -0400},
	Date-Modified = {2020-07-20 16:49:44 -0400},
	Journal = {PLoS Comput Biol},
	Number = {5},
	Pages = {e1000793},
	Publisher = {Public Library of Science},
	Title = {Game theory of social distancing in response to an epidemic},
	Volume = {6},
	Year = {2010}}

@article{prompetchara2020immune,
	Author = {Prompetchara, Eakachai and Ketloy, Chutitorn and Palaga, Tanapat},
	Date-Added = {2020-07-20 16:30:25 -0400},
	Date-Modified = {2020-07-20 16:30:25 -0400},
	Journal = {Asian Pac J Allergy Immunol},
	Number = {1},
	Pages = {1--9},
	Title = {Immune responses in COVID-19 and potential vaccines: Lessons learned from SARS and MERS epidemic},
	Volume = {38},
	Year = {2020}}

@article{roy2020covid,
	Author = {Roy, Sayak},
	Date-Added = {2020-07-20 16:28:59 -0400},
	Date-Modified = {2020-07-20 16:28:59 -0400},
	Journal = {SN Comprehensive Clinical Medicine},
	Pages = {1--4},
	Publisher = {Springer},
	Title = {COVID-19 Reinfection: Myth or Truth?},
	Year = {2020}}

@article{lin2020duration,
	Author = {Lin, Qingqing and Zhu, Li and Ni, Zuowei and Meng, Haitao and You, Liangshun},
	Date-Added = {2020-07-20 16:28:37 -0400},
	Date-Modified = {2020-07-20 16:28:37 -0400},
	Journal = {Journal of Microbiology, Immunology, and Infection},
	Publisher = {Elsevier},
	Title = {Duration of serum neutralizing antibodies for SARS-CoV-2: lessons from SARS-CoV infection},
	Year = {2020}}

@misc{ota2020will,
	Author = {Ota, Miyo},
	Date-Added = {2020-07-20 16:28:25 -0400},
	Date-Modified = {2020-07-20 16:28:25 -0400},
	Publisher = {Nature Publishing Group},
	Title = {Will we see protection or reinfection in COVID-19?},
	Year = {2020}}

@article{edridge2020human,
	Author = {Edridge, Arthur WD and Kaczorowska, Joanna M and Hoste, Alexis CR and Bakker, Margreet and Klein, Michelle and Jebbink, Maarten F and Matser, Amy and Kinsella, Cormac and Rueda, Paloma and Prins, Maria and others},
	Date-Added = {2020-07-20 16:21:15 -0400},
	Date-Modified = {2020-07-20 16:21:15 -0400},
	Journal = {medRxiv},
	Publisher = {Cold Spring Harbor Laboratory Press},
	Title = {Human coronavirus reinfection dynamics: lessons for SARS-CoV-2},
	Year = {2020}}

@article{deng2020primary,
	Author = {Deng, Wei and Bao, Linlin and Liu, Jiangning and Xiao, Chong and Liu, Jiayi and Xue, Jing and Lv, Qi and Qi, Feifei and Gao, Hong and Yu, Pin and others},
	Date-Added = {2020-07-20 16:21:01 -0400},
	Date-Modified = {2020-07-20 16:21:01 -0400},
	Journal = {Science},
	Publisher = {American Association for the Advancement of Science},
	Title = {Primary exposure to SARS-CoV-2 protects against reinfection in rhesus macaques},
	Year = {2020}}

@article{bao2020reinfection,
	Author = {Bao, Linlin and Deng, Wei and Gao, Hong and Xiao, Chong and Liu, Jiayi and Xue, Jing and Lv, Qi and Liu, Jiangning and Yu, Pin and Xu, Yanfeng and others},
	Date-Added = {2020-07-20 16:20:47 -0400},
	Date-Modified = {2020-07-20 16:20:47 -0400},
	Journal = {BioRxiv},
	Publisher = {Cold Spring Harbor Laboratory},
	Title = {Reinfection could not occur in SARS-CoV-2 infected rhesus macaques},
	Year = {2020}}

@article{roberts1999kermack,
	Author = {Roberts, MG},
	Date-Added = {2020-07-20 14:56:32 -0400},
	Date-Modified = {2020-07-20 14:56:32 -0400},
	Journal = {Mathematical Medicine and Biology: A Journal of the IMA},
	Number = {4},
	Pages = {319--332},
	Publisher = {Oxford University Press},
	Title = {A Kermack--McKendrick model applied to an infectious disease in a natural population},
	Volume = {16},
	Year = {1999}}

@article{vstvepan2007kermack,
	Author = {{\v{S}}t{\v{e}}p{\'a}n, Josef and Hlubinka, Daniel},
	Date-Added = {2020-07-20 14:56:18 -0400},
	Date-Modified = {2020-07-20 14:56:18 -0400},
	Journal = {Kybernetika},
	Number = {4},
	Pages = {395--414},
	Publisher = {Institute of Information Theory and Automation AS CR},
	Title = {Kermack-McKendrick epidemic model revisited},
	Volume = {43},
	Year = {2007}}

@article{capasso1978generalization,
	Author = {Capasso, Vincenzo and Serio, Gabriella},
	Date-Added = {2020-07-20 14:55:46 -0400},
	Date-Modified = {2020-07-20 14:55:46 -0400},
	Journal = {Mathematical Biosciences},
	Number = {1-2},
	Pages = {43--61},
	Publisher = {Elsevier},
	Title = {A generalization of the Kermack-McKendrick deterministic epidemic model},
	Volume = {42},
	Year = {1978}}

@article{kermack1927contribution,
	Author = {Kermack, William Ogilvy and McKendrick, Anderson G},
	Date-Added = {2020-07-20 14:55:11 -0400},
	Date-Modified = {2020-07-20 14:55:11 -0400},
	Journal = {Proceedings of the royal society of london. Series A, Containing papers of a mathematical and physical character},
	Number = {772},
	Pages = {700--721},
	Publisher = {The Royal Society London},
	Title = {A contribution to the mathematical theory of epidemics},
	Volume = {115},
	Year = {1927}}
